<?xml version="1.0" encoding="UTF-8"?><collection xmlns="http://www.loc.gov/MARC21/slim"><record><leader>00350nam--2200145-i-4500</leader><controlfield tag="001">000008257</controlfield><controlfield tag="002">20161230</controlfield><controlfield tag="005">20170301234925</controlfield><controlfield tag="008">060222s1000------------r-----000-0-eng-d</controlfield><datafield ind1=" " ind2=" " tag="100"><subfield code="a">Darmois, Eugene</subfield></datafield><datafield ind1=" " ind2=" " tag="245"><subfield code="a">L electron</subfield></datafield><datafield ind1=" " ind2=" " tag="260"><subfield code="a">Paris</subfield><subfield code="b">Presses Universitaires De France</subfield><subfield code="c">1947</subfield></datafield><datafield ind1=" " ind2=" " tag="300"><subfield code="a">235 p</subfield></datafield><datafield ind1=" " ind2=" " tag="852"><subfield code="a">539</subfield></datafield><datafield ind1=" " ind2=" " tag="CAT"><subfield code="a">SYS</subfield><subfield code="c">20170301</subfield><subfield code="h">234925</subfield></datafield></record></collection>